@misc{manualcovid,
  author = {Ministério da Saúde - SUS},  
  title = {{Protocolo de Manejo Clínico da Covid-19 na Atenção Especializada}},
  url = {https://bvsms.saude.gov.br/bvs/publicacoes/ manejo\_clinico\_covid-19\_atencao\_especializada.pdf},
  year = {2020}
}

@inproceedings{casanova2021deep,
  title={Deep learning against covid-19: Respiratory insufficiency detection in brazilian portuguese speech},
  author={Casanova, Edresson and Gris, Lucas and Camargo, Augusto and da Silva, Daniel and Gazzola, Murilo and Sabino, Ester and Levin, Anna and Candido Jr, Arnaldo and Aluisio, Sandra and Finger, Marcelo},
  booktitle={Findings of the Association for Computational Linguistics: ACL-IJCNLP 2021},
  pages={625--633},
  year={2021}
}
